<?xml version="1.0" encoding="UTF-8"?>
<bib>
  <mms_id>990023413370106761</mms_id>
  <record_format>marc21</record_format>
  <linked_record_id/>
  <title>Aluminum statistical review for ...</title>
  <author>Aluminum Association,</author>
  <issn>2151-6847</issn>
  <network_numbers>
    <network_number>(OCoLC)915842621</network_number>
    <network_number>(MCM)002341337MIT01</network_number>
  </network_numbers>
  <place_of_publication>Arlington, VA :</place_of_publication>
  <date_of_publication>1966</date_of_publication>
  <publisher_const>The Alumnium Association, Inc.</publisher_const>
  <holdings link="https://api-na.hosted.exlibrisgroup.com/almaws/v1/bibs/990023413370106761/holdings"/>
  <created_by>import</created_by>
  <created_date>2021-06-30Z</created_date>
  <suppress_from_publishing>false</suppress_from_publishing>
  <suppress_from_external_search>false</suppress_from_external_search>
  <sync_with_oclc>BIBS</sync_with_oclc>
  <sync_with_libraries_australia>NONE</sync_with_libraries_australia>
  <originating_system>ILS</originating_system>
  <originating_system_id>002341337-MIT01</originating_system_id>
  <cataloging_level desc="Default Level">00</cataloging_level>
  <record schemaLocation="http://www.loc.gov/MARC21/slim http://www.loc.gov/standards/marcxml/schema/MARC21slim.xsd">
    <leader>     nas  2200373Ii 4500</leader>
    <controlfield tag="001">990023413370106761</controlfield>
    <datafield ind1=" " ind2=" " tag="035">
      <subfield code="a">(MCM)002341337MIT01</subfield>
    </datafield>
    <controlfield tag="005">20150806072509.0</controlfield>
    <controlfield tag="006">m     o  d        </controlfield>
    <controlfield tag="007">cr |||</controlfield>
    <controlfield tag="008">150805c19669999vaugr   o     0    0eng d</controlfield>
    <datafield ind1=" " ind2=" " tag="022">
      <subfield code="l">2151-6847</subfield>
    </datafield>
    <datafield ind1=" " ind2=" " tag="035">
      <subfield code="a">(OCoLC)915842621</subfield>
    </datafield>
    <datafield ind1=" " ind2=" " tag="040">
      <subfield code="a">MYG</subfield>
      <subfield code="b">eng</subfield>
      <subfield code="e">rda</subfield>
      <subfield code="c">MYG</subfield>
      <subfield code="d">MYG</subfield>
    </datafield>
    <datafield ind1="0" ind2="0" tag="245">
      <subfield code="a">Aluminum statistical review for ...</subfield>
    </datafield>
    <datafield ind1=" " ind2="1" tag="264">
      <subfield code="a">Arlington, VA :</subfield>
      <subfield code="b">The Alumnium Association, Inc.</subfield>
    </datafield>
    <datafield ind1=" " ind2=" " tag="300">
      <subfield code="a">1 online resource :</subfield>
      <subfield code="b">color illustrations</subfield>
    </datafield>
    <datafield ind1=" " ind2=" " tag="310">
      <subfield code="a">Biennial</subfield>
    </datafield>
    <datafield ind1=" " ind2=" " tag="336">
      <subfield code="a">text</subfield>
      <subfield code="b">txt</subfield>
      <subfield code="2">rdacontent</subfield>
    </datafield>
    <datafield ind1=" " ind2=" " tag="337">
      <subfield code="a">computer</subfield>
      <subfield code="b">c</subfield>
      <subfield code="2">rdamedia</subfield>
    </datafield>
    <datafield ind1=" " ind2=" " tag="338">
      <subfield code="a">online resource</subfield>
      <subfield code="b">cr</subfield>
      <subfield code="2">rdacarrier</subfield>
    </datafield>
    <datafield ind1=" " ind2=" " tag="347">
      <subfield code="a">text file</subfield>
      <subfield code="b">PDF</subfield>
      <subfield code="2">rda</subfield>
    </datafield>
    <datafield ind1=" " ind2=" " tag="347">
      <subfield code="a">data file</subfield>
      <subfield code="b">XLS</subfield>
    </datafield>
    <datafield ind1="0" ind2=" " tag="362">
      <subfield code="a">Print began in 1966.</subfield>
    </datafield>
    <datafield ind1=" " ind2=" " tag="500">
      <subfield code="a">Each issue consists of a PDF report, and several Excel files containing data tables.</subfield>
    </datafield>
    <datafield ind1=" " ind2=" " tag="588">
      <subfield code="a">Description based on: 2011; title from PDF cover.</subfield>
    </datafield>
    <datafield ind1=" " ind2=" " tag="588">
      <subfield code="a">Latest issue consulted: 2013.</subfield>
    </datafield>
    <datafield ind1=" " ind2="0" tag="650">
      <subfield code="a">Aluminum industry and trade</subfield>
      <subfield code="v">Statistics</subfield>
      <subfield code="v">Periodicals.</subfield>
    </datafield>
    <datafield ind1=" " ind2="7" tag="655">
      <subfield code="a">Statistics.</subfield>
      <subfield code="2">lcgft</subfield>
    </datafield>
    <datafield ind1=" " ind2="7" tag="655">
      <subfield code="a">Periodicals.</subfield>
      <subfield code="2">lcgft</subfield>
    </datafield>
    <datafield ind1="0" ind2="8" tag="776">
      <subfield code="i">Issued in print, 1966-2003:</subfield>
      <subfield code="t">Aluminum statistical review</subfield>
      <subfield code="x">0065-6666</subfield>
    </datafield>
    <datafield ind1="0" ind2="8" tag="776">
      <subfield code="i">Issued on CD-ROM, 2004-&lt;2006&gt;:</subfield>
      <subfield code="t">Aluminum statistical review</subfield>
      <subfield code="x">2151-6847</subfield>
      <subfield code="w">(DLC)  2009234966</subfield>
      <subfield code="w">(OCoLC)70009930</subfield>
    </datafield>
    <datafield ind1="2" ind2=" " tag="710">
      <subfield code="a">Aluminum Association,</subfield>
      <subfield code="e">issuing body.</subfield>
    </datafield>
    <datafield ind1="4" ind2="0" tag="856">
      <subfield code="u">https://lib-ebooks.mit.edu/item/002341337</subfield>
    </datafield>
    <datafield ind1=" " ind2=" " tag="910">
      <subfield code="a">ba150805</subfield>
      <subfield code="b">new</subfield>
      <subfield code="c">~</subfield>
      <subfield code="e">misc</subfield>
      <subfield code="j">a</subfield>
      <subfield code="k">s</subfield>
      <subfield code="l">o</subfield>
      <subfield code="m">I</subfield>
      <subfield code="o">rda</subfield>
      <subfield code="p">MYG</subfield>
      <subfield code="q">n</subfield>
      <subfield code="r">i</subfield>
      <subfield code="s">1</subfield>
      <subfield code="w">~</subfield>
      <subfield code="x">0</subfield>
      <subfield code="y">MAINT</subfield>
      <subfield code="z">~</subfield>
      <subfield code="i">ba</subfield>
      <subfield code="d">150805</subfield>
    </datafield>
    <datafield ind1=" " ind2=" " tag="910">
      <subfield code="a">MARCIVEAUT</subfield>
    </datafield>
    <datafield ind1=" " ind2=" " tag="049">
      <subfield code="a">MYGG</subfield>
    </datafield>
    <datafield ind1=" " ind2=" " tag="910">
      <subfield code="a">ba150805</subfield>
      <subfield code="b">new</subfield>
      <subfield code="c">~</subfield>
      <subfield code="e">misc</subfield>
      <subfield code="j">a</subfield>
      <subfield code="k">s</subfield>
      <subfield code="l">o</subfield>
      <subfield code="m">I</subfield>
      <subfield code="o">rda</subfield>
      <subfield code="p">MYG</subfield>
      <subfield code="q">n</subfield>
      <subfield code="r">i</subfield>
      <subfield code="s">1</subfield>
      <subfield code="w">~</subfield>
      <subfield code="x">0</subfield>
      <subfield code="y">MAINT</subfield>
      <subfield code="z">~</subfield>
      <subfield code="i">ba</subfield>
      <subfield code="d">150805</subfield>
    </datafield>
    <datafield ind1=" " ind2="1" tag="949">
      <subfield code="1">Internet Access</subfield>
      <subfield code="a">n</subfield>
      <subfield code="b">NET</subfield>
      <subfield code="h">**See URL(s)</subfield>
      <subfield code="o">8</subfield>
      <subfield code="x">02</subfield>
    </datafield>
    <datafield ind1=" " ind2=" " tag="994">
      <subfield code="a">02</subfield>
      <subfield code="b">MYG</subfield>
    </datafield>
  </record>
</bib>
